@article{zhang2017mixup,
  title={mixup: Beyond empirical risk minimization},
  author={Zhang, Hongyi and Cisse, Moustapha and Dauphin, Yann N and Lopez-Paz, David},
  journal={arXiv preprint arXiv:1710.09412},
  year={2017}
}

@inproceedings{yun2019cutmix,
  title={Cutmix: Regularization strategy to train strong classifiers with localizable features},
  author={Yun, Sangdoo and Han, Dongyoon and Oh, Seong Joon and Chun, Sanghyuk and Choe, Junsuk and Yoo, Youngjoon},
  booktitle={Proceedings of the IEEE/CVF international conference on computer vision},
  pages={6023--6032},
  year={2019}
}

@inproceedings{Zhang2015CharacterlevelCN,
  title={Character-level Convolutional Networks for Text Classification},
  author={Xiang Zhang and Junbo Jake Zhao and Yann LeCun},
  booktitle={NIPS},
  year={2015}
}

@inproceedings{cettolo-etal-2017-overview,
    title = "Overview of the {IWSLT} 2017 Evaluation Campaign",
    author = {Cettolo, Mauro  and
      Federico, Marcello  and
      Bentivogli, Luisa  and
      Niehues, Jan  and
      St{\"u}ker, Sebastian  and
      Sudoh, Katsuhito  and
      Yoshino, Koichiro  and
      Federmann, Christian},
    booktitle = "Proceedings of the 14th International Conference on Spoken Language Translation",
    month = dec # " 14-15",
    year = "2017",
    address = "Tokyo, Japan",
    publisher = "International Workshop on Spoken Language Translation",
    url = "https://aclanthology.org/2017.iwslt-1.1",
    pages = "2--14",
}

@InProceedings{bojar-EtAl:2016:WMT1,
  author    = {Bojar, Ond{r}ej  and  Chatterjee, Rajen  and  Federmann, Christian  and  Graham, Yvette  and  Haddow, Barry  and  Huck, Matthias  and  Jimeno Yepes, Antonio  and  Koehn, Philipp  and  Logacheva, Varvara  and  Monz, Christof  and  Negri, Matteo  and  Neveol, Aurelie  and  Neves, Mariana  and  Popel, Martin  and  Post, Matt  and  Rubino, Raphael  and  Scarton, Carolina  and  Specia, Lucia  and  Turchi, Marco  and  Verspoor, Karin  and  Zampieri, Marcos},
  title     = {Findings of the 2016 Conference on Machine Translation},
  booktitle = {Proceedings of the First Conference on Machine Translation},
  month     = {August},
  year      = {2016},
  address   = {Berlin, Germany},
  publisher = {Association for Computational Linguistics},
  pages     = {131--198},
  url       = {http://www.aclweb.org/anthology/W/W16/W16-2301}
}

@inproceedings{papineni-etal-2002-bleu,
    title = "{B}leu: a Method for Automatic Evaluation of Machine Translation",
    author = "Papineni, Kishore  and
      Roukos, Salim  and
      Ward, Todd  and
      Zhu, Wei-Jing",
    booktitle = "Proceedings of the 40th Annual Meeting of the Association for Computational Linguistics",
    month = jul,
    year = "2002",
    address = "Philadelphia, Pennsylvania, USA",
    publisher = "Association for Computational Linguistics",
    url = "https://aclanthology.org/P02-1040",
    doi = "10.3115/1073083.1073135",
    pages = "311--318",
}
